@BOOK{Beck1955,
author = {Beckman M., McGuire C.B., Winsten C.B.},
title = {Studies in the economics of transportation},
publisher ={Santa Monica: RAND Corporation},
year = {1955}
}

@BOOK{NYu1,
author = {A.S.Nemirovskiy and D.B.Yudin},
title = {Task complexity and efficiency optimization techniques},
publisher = {Moscow: Nauka},
year = {1979}
url = {http://www2.isye.gatech.edu/~nemirovs/Lect_EMCO.pdf}
}

@ARTICLE{BT2,
author = {A.Beck and M.Teboulle},
title = {Mirror descent and nonlinear projected subgradient methods for convex optimization},
journal = {Oper. Res. Lett},
year = {2003},
volume = {31},
pages = {167�175}
}

@ARTICLE{N3,
author = {Yu. Nesterov},
title = {Primal-dual subgradient methods for convex problems},
journal = {Math. Program. Ser. B.},
year = {2009},
volume = {120},
number = {1},
pages = {261-283}
}

@ARTICLE{YuNTsV4,
author  = {A.B.Yuditskiy and A.V.Nazin and A.B.Tsybakov and N.Vayatis},
title   = {Aggregation of Estimators by Mirror Descent Algorithm with Averaging},
journal = {Problems of Information Transmission},
year    = {2005},
volume  = {41},
number  = {4},
pages   = {78-96}
}

@BOOK{B5,
author = {S.Bubeck},
title  = {Introduction to online optimization: Lecture Notes},
publisher ={Princeton University},
year   = {2011},
url    = {http://www.princeton.edu/~sbubeck/BubeckLectureNotes.pdf}
}

@ARTICLE{GK6,
author = {M.Grigoriadis and L.Khachiyan},
title = {A sublinear-time randomized approximation algorithm for matrix games},
journal = {Oper. Res. Lett.},
year = {1995},
volume = {18},
number = {2},
pages = {53�58}
}

@ARTICLE{JuLNSh7,
  author       = {A.Juditskiy and G.Lan and A.Nemirovskiy and A.Shapiro},
  title        = {Stochastic approximation approach to stochastic programming},
  journal      = {SIAM Journal on Optimization},
  year         = {2009},
  volume       = {19},
  number       = {4},
  pages        = {1574�1609}
}

@ARTICLE{NP8,
  author       = {A.V.Nazin and B.T.Polyak},
  title        = {Randomized algorithm for finding the eigenvector of
  a stochastic matrix with application to the PageRank problem},
  journal      = {Automation and Remote Control},
  year         = {2011}
  volume       = {2},
  pages        = {131-141}
}

@BOOK{LCB9,
  author       = {G. Lugosi and N.Cesa-Bianchi},
  title        = {Prediction, learning and games},
  publisher    = {Cambridge University Press},
  address      = {New York},
  year         = {2006},
}

@inproceedings{JuNTsV10,
author =  {A.Juditskiy and A.V.Nazin and A.B.Tsybakov and N.Vayatis},
title = {Gap-free Bounds for Stochastic Multi-Armed Bandit},
booktitle ={Proceedings of the 17th World Congress IFAC},
address ={Seoul, Korea},
year = {2008},
month ={July},
date ={6-11},
pages = {11560�11563}
}

@misc{M11,
author = {Y.Mansour},
title = {Algorithmic Game Theory and Machine Learning},
year = {2011},
url = {http://www.tau.ac.il/~mansour/advanced-agt+ml/}
}

@misc{R12,
author ={A.Rakhlin},
title = {Lecture notes on online learning},
year = {2009},
url = {http://stat.wharton.upenn.edu/~rakhlin/papers/online_learning.pdf}
}

@ARTICLE{H13,
author = {E.Hazan},
title = {The convex optimization approach to regret minimization},
journal = {Optimization for Machine Learning},
editor ={Sra S., Nowozin S., Wright S.},
publisher = {MIT Press},
year = {2011},
pages = {287�303}
}

@ARTICLE{BCB14,
author = {S.Bubeck and N.Cesa-Bianchi},
title = {Regret analysis of stochastic and nonstochastic multi-armed bandit problems},
journal = {Foundation and Trends in Machine Learning},
year = {2012},
volume = {5},
number = {1},
pages = {1-122}
url = {http://www.princeton.edu/~sbubeck/SurveyBCB12.pdf }
}

@ARTICLE{JuN15,
author = {A.Juditskiy and A.Nemirovskiy},
title = {First order methods for nonsmooth convex large-scale optimization, I, II},
journal =                                
  {Optimization for Machine Learning. Eds. S. Sra, S. Nowozin, S. Wright},
publisher ={MIT Press}
year = {2012},
}

@ARTICLE{N16,
author = {Yu.Nesterov},
title = {Gradient methods for minimizing composite functions},
journal = {Math. Program. Ser. B.},
year = {2012},
}

@ARTICLE{N17,
author = {Yu.Nesterov},
title = {Minimizing functions with bounded variation of subgradients},
publisher = {CORE Discussion Papers},
year = {2005},
volume ={79}
}

@ARTICLE{LNSh18,
author ={G.Lan and A.Nemirovskiy and A.Shapiro},
title ={Validation analysis of mirror descent stochastic approximation method},
journal ={Mathematical Programming},
year = {2011},
url ={http://www2.isye.gatech.edu/~nemirovs/MP_Valid_2011.pdf}
}

@ARTICLE{N19,
author = {Yu.Nesterov},
title = {Random gradient-free minimization of convex functions},
publisher ={CORE Discussion Paper},
year = {2011},
volume ={1}
}

@ARTICLE{BP20,
author = {S.Brin and L.Page},
title = {The anatomy of a large-scale hypertextual web search engine},
journal ={Comput. Network ISDN Syst.},
year = {1998},
volume ={30},
pages ={107�117}
}

@BOOK{LM21,
author ={A.N.Langville and C.D.Meyer},
title = {Google�s PageRank and beyond: The science of search engine rankings},
publisher ={Princeton University Press},
year = {2006}
}

@misc{Zh22,
author = {M.E.Zhukovskiy},
title = {Methof of accounting for the properties of vertices in the calculation of PageRank},
journal = {Presentation at the seminar laboratory PreMoLab},
year = {2013},
url = {http://www.mathnet.ru/php/seminars.phtml?option_lang=rus&presentid=7474}
}

@ARTICLE{GG23,
author = {A.V.Gasnikov and E.V.Gasnikova},
title = {On the entropy-like functionals arising in stochastic chemical kinetics at
a concentration of invariant measures and as Lyapunov functions in a dynamics of quazy-averages},
journal = {Mathematical Notes},
year = {2013},
volume = {94},
number = {6},
pages = {816-824}
}

@UNPUBLISHED{GD24,
author ={A.V.Gasnikov and D.Yu.Dmitriev},
title = {On effective randomized search algorithms vector PageRank},
journal = {Automation and Remote Control},
year = {2014}
}

@ARTICLE{GasDornNestShpir,
author = {Гасников А. В.,Дорн Ю. В.,Нестеров Ю.Е.,Шпирко С. В.},
title = {О трехстадийной версии модели стационарной динамики транспортных потоков},
journal = {Математическое моделирование},
year = {2014},
volume = {В печати}
}

@ARTICLE{NesdePalma2003,
author = {Yutii Nesterov, Andre de Palma},
title = {Stationary Dynamics Solutions in Congested Transportation Networks: Summary and Perspectives},
journal = {Networks and Spatial Economics},
year = {2003},
volume = {3},
pages = {371-395}
}

@ARTICLE{NesChar07,
author = {Yutii Nesterov},
title = {Characteristic functions of directed graphs and application to stohastic equilibrium problems},
journal = {Optim Eng},
year = {2007},
volume = {8},
pages = {193-214}
}

@ARTICLE{Dijkstr,
    author      = {E. W. Dijkstra.},
    title       = {A note on two problems in connexion with graphs},
    journal     = {Numerische Mathematik},
    year        = {1959}
    volume      = {1},
    pages       = {269-271}
}

@ARTICLE{NYBAD,
    author      = {К.В. Ким,Ю.Е. Нестеров,Б.В. Черкасский},
    title       = {Оценка трудоемкости вычисления градиента},
    journal     = {ДАН},
    year        = {1983}
}

@ARTICLE{NYBAD2,
    author      = {К.В. Ким, Ю.Е. Нестеров, В.А. Соколов., Б.В. Черкасский},
    title       = {Эффективный алгоритм вычислений производных и экстремальные задачи},
    journal     = {Экономика и Математические методы},
    year        = {1984}
    volume      = {XX №2},
    pages       = {308-318}
}

@ARTICLE{frenkin,
    author      = {Френкин Б.Р.},
    title       = {Теорема неймана о минимаксе - общеизвестная и неизвестная},
    journal     = {Математическое просвящение, М.МЦНМО},
    year        = {2005}
    volume      = {3 №9},
    pages       = {78-85}
}

@BOOK{sandh2010,
    author = {W.H. Sandholm},
    title = {Population Games and Evolutionary Dynamics},
    publisher = {Economic Learning and Social Evolution. MIT Press; Cambridge},
    year = {2010}
}

@ARTICLE{shvets,
    author = {Швецов В. И.},
    title = {Проблемы моделирования передвижений в транспортных сетях},
    journal = {Труды МФТИ},
    year = {2010},
    volume = {2},
    pages = {169-179}
}

@BOOK{barge,
    author = {H. Bar-Gera},
    title = {Origin-based algorithms for Transportation Network Modeling},
    publisher = { http://www.niss.org/sites/default/files/pdfs/technicalreports/tr103.pdf.},
    year = {1999}
}

@BOOK{polyak,
    author = {Б.Т. Поляк},
    title = {Введение в оптимизацию},
    publisher = {М.: ЛЕНАНД},
    year = {2013}
}

@ARTICLE{evtu,
    author = {Yuri Evtushenko},
    title = {Conputation of exaxt gradients in distributed dynamics systems},
    year = {1997}
}

@ARTICLE{sion,
    author = {Sion M.},
    title = {On general minimax theorem.},
    journal = {Pac. J. Math.},
    year = {1958},
    volume = {8},
    pages = {171–176}
}

@ARTICLE{Nest13,
    author = {Yu. Nesterov},
    title = {Universal Gradient Methods for Convex Optimization Problems},
    journal = {CORE DISCUSSION PAPER},
    year = {2013},
}

@ARTICLE{Nest14,
    author = {Yu. Nesterov and Vladimir Shikhman},
    title = {Convergent subgradient methods for nonsmoth convex minimization},
    journal = {CORE DISCUSSION PAPER},
    year = {2014},
}

@ARTICLE{ChudoNest,
    author = {Chudak F. A. , Vania Dos Santos Eleuterio, Yu. Nesterov},
    title = {Static Traffic Assignment Problem. A comparison between Beckman and Nesterov - de Palma models.},
    journal = {STRC},
    year = {2007},
}


@ARTICLE{NiksKarp2008,
    author = {D. Nikolaev and S. Karpenko and I. Nikolaev and P. Nikolayev},
    title = {Hough transform: underestimated tool in the computer vision field},
    journal = {Proceedings of the 22th European Conference on Modelling and Simulation},
    year = {2008},
    pages = {238-246}
}

@ARTICLE{Hart2009,
    author = {P. Hart},
    title = {How the {H}ough transform was invented [{DSP} History]}, 
    journal = {Signal Processing Magazine IEEE},
    year = {2009},
    volume = {26},
    number = {6},
    pages = {18-22}
}

@ARTICLE{Goldenshluger,
    author = {A. Goldenshluger and A. Zeevi},
    title = {THE HOUGH TRANSFORM ESTIMATOR}, 
    journal = {The Annals of Statistics},
    year = {2004},
    volume = {32},
    issue = {5},
    pages = {1908–1932}
}

@ARTICLE{Ballester1994,
    author = {P. Ballester},
    title = {Hough transform for robust regression and automated detection}, 
    journal = {Astronomy and Astrophysics},
    year = {1994},
    volume = {286},
    pages = {1011-1018}
}

@ARTICLE{NieNova2013,
    author = {F. Nie and J. Li and T. Tu and P. Zhang},
    title = {Image segmentation using two-dimensional extension of minimum within-class variance criterion}, 
    journal = {International Journal of Signal Processing},
    year = {2013},
    volume = {6},
    number = {5},
    pages = {13-24}
}

@ARTICLE{Brady1998,
    author = {M. Brady},
    title = {A fast discrete approximation algorithm for the {R}adon transform}, 
    journal = {SIAM J. Computing},
    year = {1998},
    volume = {27},
    number = {1}
    pages = {107-119}
}

@ARTICLE{NiksKarp2004,
    author = {S. Karpenko and D. Nikolaev and P. Nikolayev and V. Postnikov},
    title = {Fast {H}ough transform with controllable robustness (in {R}ussian)},
    journal = {In Proc. of IEEE AIS'04 and CAD-2004},
    year = {2004},
    volume = {2},
    pages = {303-309}
}

@ARTICLE{Fred2005,
    author = {M. Frederick and N. VanderHorn and A. Somani},
    title = {Real-time {H/W} Implementation of the Approximate Discrete Radon Transform}, 
    journal = {IEEE International Conference on Application-Specific Systems, Architecture Processors (ASAP'05)},
    year = {2005},
    volume = {2},
    pages = {399-404}
}

@ARTICLE{Otsu1979,
    author = {N. Otsu},
    title = {A threshold selection method from gray-level histograms}, 
    journal = {IEEE Transactions on Systems, Man and Cybernetics},
    year = {1979},
    volume = {9},
    number = {1},
    pages = {62-66}
}

@ARTICLE{Nikols2004,
    author = {D. Nikolaev and P. Nikolayev},
    title = {Linear color segmentation and its implementation},
    journal = {Computer Vision and Image Understanding},
    year = {2004},
    volume = {94},
    number = {1-3},
    pages = {115-139}
}

@ARTICLE{UsilNiPo2010,
    author = {S. Usilin and D. Nikolaev and V. Postnikov},
    title = {Structural compression of document images with {PDF/A}},
    journal = {24th European Conference on Modelling and Simulation (ECMS 2010)},
    year = {2010},
    pages = {242-246}
}

@ARTICLE{crow1984,
    author = {F. Crow},
    title = {Summed-area tables for texture mapping},
    journal = {SIGGRAPH '84 Proceedings of the 11th annual conference on Computer graphics and interactive techniques},
    volume = {18},
    number = {3},
    year = {1984},
    pages = {207-212}
}

@ARTICLE{bezm2012,
    author = {P. Bezmaternykh and T. Khanipov and D. Nikolaev},
    title = {Linear regression task solution with fast {H}ough transform (in {R}ussian)},
    journal = {35th Conference and School on Information Technologies and Systems (ITaS 2012)},
    year = {2012},
    pages = {354-359}
}

@ARTICLE{kroha2014,
    author = {D. Krohina and V. Prun and V. Postnikov},
    title = {Usage of {O}tsu criterion in geometric cut space for horizon line search (in {R}ussian)},
    journal = {37th Conference and School on Information Technologies and Systems (ITaS 2014)},
    year = {2014},
    pages = {303-307}
}

@ARTICLE{Jian1996,
    author = {G. Jian and L. Liyuan and C. Weinan},
    title = {A fast recursive algorithm for two-dimensional thresholding},
    journal = {3rd International Conference on Signal Processing (ICSIGP 1996)},
    volume = {2},
    year = {1996},
    pages = {1155-1158}
}

@ARTICLE{Yuliana2015,
    author = {Yu. Vinogradova and D. Nikolaev and D. Slugin},
    title = {Printed documents image stratification using color clasterization (in {R}ussian)},
    journal = {Information Technology and Computing Systems},
    volume = {2},
    year = {2015}   
    
}

@article{scharstein2002taxonomy,
  title={A taxonomy and evaluation of dense two-frame stereo correspondence algorithms},
  author={Scharstein, Daniel and Szeliski, Richard},
  journal={International journal of computer vision},
  volume={47},
  number={1-3},
  pages={7--42},
  year={2002},
  publisher={Kluwer Academic Publishers}
}

@inproceedings{geiger2012we,
	title={Are we ready for autonomous driving? the kitti vision benchmark suite},
	author={Geiger, Andreas and Lenz, Philip and Urtasun, Raquel},
	booktitle={Computer Vision and Pattern Recognition (CVPR), 2012 IEEE Conference on},
	pages={3354--3361},
	year={2012},
	organization={IEEE}
}

@article{van2006real,
	title={Real-time dense stereo for intelligent vehicles},
	author={Van Der Mark, Wannes and Gavrila, Dariu M},
	journal={Intelligent Transportation Systems, IEEE Transactions on},
	volume={7},
	number={1},
	pages={38--50},
	year={2006},
	publisher={IEEE}
}

@inproceedings{labibes2003integrated,
	title={An integrated design and validation environment for intelligent vehicle safety systems (IVSS)},
	author={Labibes, K and Papp, Z and Thean, ACH and Lemmen, PPM and Dorrepaal, M and Leneman, FJW},
	booktitle={10th World Congress and exhibition on ITS},
	pages={16--20},
	year={2003}
}

@inproceedings{papp2003multi,
	title={Multi-agent based HIL simulator with high fidelity virtual sensors},
	author={Papp, Z and Labibes, K and Thean, AHC and Van Elk, MG},
	booktitle={Intelligent Vehicles Symposium, 2003. Proceedings. IEEE},
	pages={213--218},
	year={2003},
	organization={IEEE}
}

@inproceedings{sunyoto2004comparative,
	title={A comparative study of fast dense stereo vision algorithms},
	author={Sunyoto, Harris and Van der Mark, Wannes and Gavrila, Dariu M},
	booktitle={Intelligent Vehicles Symposium, 2004 IEEE},
	pages={319--324},
	year={2004},
	organization={IEEE}
}


@inproceedings{szeliski1999prediction,
	title={Prediction error as a quality metric for motion and stereo},
	author={Szeliski, Richard},
	booktitle={Computer Vision, 1999. The Proceedings of the Seventh IEEE International Conference on},
	volume={2},
	pages={781--788},
	year={1999},
	organization={IEEE}
}

@Patent{Hough1962patent,
    author = {Paul V.C. Hough. and Ann Arbor},
    title = {Method and means for recognizing complex patterns},
    year = {1962},
    month = {12},
    day = {18},
    number = {US 3069654},
    type = {Patent},
    version = {},
    location = {US},
}

@ARTICLE{bezm2012rus,
    author = {Безматерных П. Ханипов Т.М.  Николаев Д.П.},
    title = {Решение задачи линейной регрессии с помощью быстрого преобразования Хафа},
    journal = {Материалы 35-й конференции молодых ученых и специалистов “Информационные технологии и системы (ИТиС’12), стр. 354-359},
    year = {2012},
}

@ARTICLE{NiksKarp2004rus,
    author = {Карпенко С. М.,, Николаев Д.П.,,   Николаев П.П,, Постников В. В.},
    title = {Быстрое преобразование Хафа с управляемой робастностью},
    journal = {Искусственные интеллектуальные системы и Интеллектуальные САПР. Труды международной конференции IEEE AIS"04 и CAD-2004. М.: Изд-во Физматлит, т. 2, стр. 303-309},
    year = {2004},
    language={russian},
    hyphenation={russian},
}

@ARTICLE{Edholm1987,
	author = {P. Edholm,, G.T. Herman},
	title = {Linograms in image reconstruction from projections},
	journal = {IEEE Trans. Medical Imaging},
	volume={MI-6(4)},
	pages = {301-307},
	year = {1987}
}

@ARTICLE{Edholm1988,
	author = {P. Edholm,, G.T. Herman,, D.A. Roberts},
	title = {Image reconstruction from linograms: Implementation and evaluation},
	journal = {IEEE Trans. Medical Imaging},
	volume={MI-7(3)},
	pages = {239-246},
	year = {1988}
}

@ARTICLE{Donoho,
	author = {Averbuch, A.,, Coifman, R. R.,, Donoho, D. L.,, Israeli, M.,, & Waldén, J. },
	title = {A notion of Radon transform for data in a Cartesian grid, which is rapidly computable, algebraically exact, geometrically faithful and invertible},
	journal = {SIAM Scientific Computing},
	year = {2001}
}